% tipos de refer{\^e}ncias


% Em artigos em revistas
@ARTICLE{ArtigoRevista,
  AUTHOR  = {E. Z. Zhou},
  TITLE   = {Object Oriented Programming C++ and Power System Simulation},
  JOURNAL = {IEEE Transactions on Power Systems},
  YEAR    = {1996},
  VOLUME  = {11},
  NUMBER  = {1},
  PAGES   = {206-215},
  MONTH   = {February},
  ADDRESS = {New York},
}

% Em livros
@BOOK{Livros,
  AUTHOR    = {Bjarne Stroustrup},
  TITLE     = {The C++ Programming Language},
  PUBLISHER = {Addison Wesley},
  YEAR      = {1997},
  ADDRESS   = {Reading},
  EDITION   = {3},
}

% Cap{\'\i}tulos em Livros
@INBOOK{CapituloLivro,
  AUTHOR    = {A. W. Ham},
  TITLE     = {Histologia},
  CHAPTER   = {: Microscopia e Biologia de C{\'e}lulas},
  PAGES     = {2-20},
  PUBLISHER = {Guanabara},
  YEAR      = {1997},
  ADDRESS   = {Rio de Janeiro},
  EDITION   = {7},
}


% Artigo dentro de anais
@INPROCEEDINGS{ArtigoAnais,
  AUTHOR    = {M. E. Gurtin},
  TITLE     = {On The Nonlinear Theory of Elasticity},
  BOOKTITLE = {International Symposium on Continuum Mechanics and Partial Differential Equations},
  YEAR      = {1987},
  PAGES     = {237-253},
  ADDRESS   = {Rio de Janeiro},
  MONTH     = {August},
}

% Manual de SW, procedimentos....
@MANUAL{Manual,
  TITLE        = {Getting Started with {MATLAB}},
  ORGANIZATION = {The Math Works},
  ADDRESS      = {Massachussets},
  YEAR         = {2001},
}

% Relat{\'o}rio t{\'e}cnico
@TECHREPORT{RelatorioTecnico,
  AUTHOR      = {Willian Bolzan and L{\'u}cia Maria Martins Giraffa},
  TITLE       = {Estudo comparativo sobre Sistemas Tutores Inteligentes Multiagentes Web},
  INSTITUTION = {Faculdade de Inform{\'a}tica - PUCRS},
  YEAR        = {2002},
  NUMBER      = { 24},
  ADDRESS     = {Porto Alegre, RS},
  MONTH       = {Julho},
}

% Tese de Doutorado
@PHDTHESIS{Tese,
  AUTHOR  = {Fl{\'a}vio Moreira de Oliveira},
  TITLE   = {Crit{\'e}rios de equilibra{\c{c}}{\~a}o para Sistemas Tutores Inteligentes},
  SCHOOL  = {Universidade Federal do Rio Grande do Sul},
  YEAR    = {1994},
  TYPE    = {Tese de Doutorado},
  ADDRESS = {Porto Alegre, RS},
  MONTH   = {Janeiro},
}

% Disserta{\c{c}}{\~a}o de mestrado ou monografia de fim de curso
@MASTERSTHESIS{DissertacaoMonografia,
  AUTHOR   = {Edna Dias Canedo},
  TITLE    = {Estudo e Experimenta{\c{c}}{\~a}o de uma Linguagem de Modelagem de Sistemas Baseada em Redes de Petri e Orienta{\c{c}}{\~a}o a Objetos},
  SCHOOL   = {{COPIN} -- Universidade Federal de Campina Grande},
  YEAR     = {2002},
  ADDRESS  = {Campina Grande - PB},
  MONTH    = {Agosto},
  abstract = {A integra{ç}ão da teoria de redes de Petri com os conceitos da Orienta{ç}ão Objetos surgiu como uma solu{ç}ão para a decomposi{ç}ão e estrutura{ç}ão de modelos em Redes de Petri. Neste trabalho é apresentado um estudo e experimenta{ç}ão de uma linguagem de modelagem baseada em redes de Petri e Orienta{ç}ão a Objetos (RPOO). RPOO foi definida integrando esses dois formalismos em uma perspectiva ortogonal, permitindo que o sistema modelado tenha duas visões: uma visão do ponto de vista de redes de Petri e uma visão do ponto de vista da Orienta{ç}ão a Objetos. O estudo e experimenta{ç}ão da nota{ç}ão RPOO é efetuado através da sua aplica{ç}ão na modelagem de sistemas de software real. Para tanto, foram desenvolvidos alguns experimentos de modelagem. Assim, os experimentos desenvolvidos serão utilizados na valida{ç}ão da linguagem RPOO como alternativa para a estrutura{ç}ão e decomposi{ç}ão de modelos em redes de Petri, quando da modelagem de sistemas de software distribu{í}dos e concorrentes.},
}

% O que n{\~a}o se encaixar em nada
@MISC{Miscelania,
  AUTHOR       = {Jean Bovet},
  TITLE        = {{V}isual {A}utomata {S}imulator},
  HOWPUBLISHED = {Consultado na INTERNET: http://www.cs.usfca.edu/~jbovet/vas.html, 2005},
  YEAR         = {2005},
}

% ainda n{\~a}o foi publicado
@UNPUBLISHED{NaoPublicado,
  AUTHOR = {T{\'e}rcio de Morais Sampaio},
  TITLE  = {Um Sistema Multi-agente para Busca Sem{\^a}ntica na Internet},
  NOTE   = {Artigo apresentado na disciplina DAS-6607 - Professor Ricardo Rabelo},
  YEAR   = {2001},
  MONTH  = {Setembro},
}