% Requirements engineering
@book{sommerville1998requirements,
	series = {Worldwide series in computer science},
	title = {Requirements engineering: processes and techniques},
	isbn = {9780471972082},
	lccn = {98016175},
	publisher = {J. Wiley},
	author = {Kotonya, Gerald and Sommerville, I.},
	year = {1998}
}

@book{sommerville1997requirements,
    author = {Sommerville, Ian and Sawyer, Pete},
    title = {Requirements Engineering: A Good Practice Guide},
    year = {1997},
    isbn = {0471974447},
    edition = {1st},
    publisher = {John Wiley \& Sons, Inc.},
    address = {New York, NY, USA},
}

@book{macaulay1996requirements,
    author = {Macaulay, Linda A.},
    title = {Requirements engineering},
    year = {1996},
    isbn = {3-540-76006-7},
    publisher = {Springer-Verlag},
    address = {London, UK, UK},
}

% TODO
@book{book_ER_System_1995,
    author = {Loucopoulos, Pericles and Karakostas, Vassilios},
    title = {System Requirements Engineering},
    year = {1995},
    isbn = {0077078438},
    publisher = {McGraw-Hill, Inc.},
    address = {New York, NY, USA},
}

% TODO
@book{book_SR_1993,
    author = {Davis, Alan M.},
    title = {Software requirements: objects, functions, and states},
    year = {1993},
    isbn = {0-13-805763-X},
    publisher = {Prentice-Hall, Inc.},
    address = {Upper Saddle River, NJ, USA},
}

% Software Engineering
@book{pressman2009software,
	edition = {7},
	title = {Software Engineering: A Practitioner's Approach},
	isbn = {0073375977},
	publisher = {{McGraw-Hill} {Science/Engineering/Math}},
	author = {Pressman, Roger},
	month = jan,
	year = {2009}
}

% Java i18n
@book{deitsch2001java,
    title={Java internationalization},
    author={Deitsch, Andy and Czarnecki, David},
    year={2001},
    pages={464},
    isbn = {978-0-596-00019-6},
    publisher={O'Reilly Media, Incorporated}
}

% Modelagem Organizacional
@article{mason1997conceptual,
    title={A conceptual basis for organizational modelling},
    author={Mason, Geoffrey L},
    journal={Systems Research and Behavioral Science},
    volume={14},
    number={5},
    pages={331--345},
    year={1997},
    publisher={Wiley Online Library}
}

% Ferramentas CASE
@article{case1985computer,
    title={Computer-aided software engineering (CASE): technology for improving software development productivity},
    author={Case, Albert F},
    journal={ACM SIGMIS Database},
    volume={17},
    number={1},
    pages={35--43},
    year={1985},
    publisher={ACM}
}

% Cockburn, template p casos de uso
@book{cockburn2001writing,
    title={Writing effective use cases},
    author={Cockburn, Alistair},
    volume={1},
    year={2001},
    publisher={Addison-Wesley Reading}
}
