@article{schneider2013literature,
  title={A Literature Survey on International Standards for Systems Requirements Engineering},
  author={Schneider, Florian and Berenbach, Brian},
  journal={Procedia Computer Science},
  volume={16},
  pages={796--805},
  year={2013},
  publisher={Elsevier}
}


@inproceedings{van2000requirements,
  title={Requirements engineering in the year 00: A research perspective},
  author={Van Lamsweerde, Axel},
  booktitle={Proceedings of the 22nd international conference on Software engineering},
  pages={5--19},
  year={2000},
  organization={ACM}
}

@inproceedings{maiden2004model,
  title={Model-driven requirements engineering: synchronising models in an air traffic management case study},
  author={Maiden, Neil AM and Jones, Sara V and Manning, Sharon and Greenwood, John and Renou, L},
  booktitle={Advanced Information Systems Engineering},
  pages={368--383},
  year={2004},
  organization={Springer}
}

@article{castro2000closing,
  title={Closing the GAP between organizational requirements and object oriented modeling},
  author={Castro, Jaelson and Alencar, Fernanda and Cysneiros, Gilberto},
  journal={Journal of the Brazilian Computer Society},
  volume={7},
  number={1},
  pages={05--16},
  year={2000},
  publisher={SciELO Brasil}
}

@inproceedings{castro2001integrating,
  title={Integrating organizational requirements and object oriented modeling},
  author={Castro, Jaelson F and Alencar, Fernanda MR and Filhol, GAC and Mylopoulos, John},
  booktitle={Requirements Engineering, 2001. Proceedings. Fifth IEEE International Symposium on},
  pages={146--153},
  year={2001},
  organization={IEEE}
}

@inproceedings{bastos2004enhancing,
  title={Enhancing Requirements to derive Multi-Agent Architectures},
  author={Bastos, L{\'u}cia RD and Castro, Jaelson FB},
  booktitle={Proceedings of WER},
  pages={127--139},
  year={2004}
}

@incollection{yu2001modelling,
  title={Modelling trust for system design using the i* strategic actors framework},
  author={Yu, Eric and Liu, Lin},
  booktitle={Trust in Cyber-societies},
  pages={175--194},
  year={2001},
  publisher={Springer}
}

@incollection{giorgini2005modeling,
  title={Modeling social and individual trust in requirements engineering methodologies},
  author={Giorgini, Paolo and Massacci, Fabio and Mylopoulos, John and Zannone, Nicola},
  booktitle={Trust Management},
  pages={161--176},
  year={2005},
  publisher={Springer}
}

@article{kolp2003organizational,
  title={ORGANIZATIONAL PATTERNS FOR EARLY REQUIREMENTS ANALYSIS},
  author={Kolp, Manuel and Giorgini, Paolo and Mylopoulos, John},
  journal={Lecture Notes in Computer Science},
  volume={2681},
  pages={617--632},
  year={2003},
  publisher={Springer}
}


% WIKI General
@article{leuf2001wiki,
    title={The Wiki way: quick collaboration on the Web},
    author={Leuf, Bo and Cunningham, Ward},
    year={2001},
    publisher={Addison-Wesley Professional}
}

% pUML
@incollection{evans1999core,
    title={Core meta-modelling semantics of UML: the pUML approach},
    author={Evans, Andy and Kent, Stuart},
    booktitle={{\guillemotleft}UML{\guillemotright}’99—The Unified Modeling Language},
    pages={140--155},
    year={1999},
    publisher={Springer}
}

@book{warmer2003object,
    title={The object constraint language: getting your models ready for MDA},
    author={Warmer, Jos and Kleppe, Anneke},
    year={2003},
    publisher={Addison-Wesley Longman Publishing Co., Inc.}
}

@inproceedings{rao1995bdi,
  title={BDI agents: From theory to practice},
  author={Rao, Anand S and Georgeff, Michael P and others},
  booktitle={Proceedings of the first international conference on multi-agent systems (ICMAS-95)},
  pages={312--319},
  year={1995},
  organization={San Francisco}
}

@article{chung2000non,
  title={Non-functional Requirements},
  author={Chung, Lawrence and Nixon, B and Yu, E and Mylopoulos, J},
  journal={Software Engineering},
  year={2000}
}

@article{bray1997extensible,
  title={Extensible markup language (XML)},
  author={Bray, Tim and Paoli, Jean and Sperberg-McQueen, C Michael and Maler, Eve and Yergeau, Fran{\c{c}}ois},
  journal={World Wide Web Journal},
  volume={2},
  number={4},
  pages={27--66},
  year={1997}
}

@inproceedings{van2004goal,
  title={Goal-oriented requirements enginering: a roundtrip from research to practice [enginering read engineering]},
  author={van Lamsweerde, Axel},
  booktitle={Requirements Engineering Conference, 2004. Proceedings. 12th IEEE International},
  pages={4--7},
  year={2004},
  organization={IEEE}
}

@incollection{mao2005organizational,
  title={Organizational and social concepts in agent oriented software engineering},
  author={Mao, Xinjun and Yu, Eric},
  booktitle={Agent-Oriented Software Engineering V},
  pages={1--15},
  year={2005},
  publisher={Springer}
}

@incollection{mylopoulos2001uml,
  title={UML for agent-oriented software development: The Tropos proposal},
  author={Mylopoulos, John and Kolp, Manuel and Castro, Jaelson},
  booktitle={The Unified Modeling Language. Modeling Languages, Concepts, and Tools},
  pages={422--441},
  year={2001},
  publisher={Springer}
}

@misc{eclipse,
  author =       {Eclipse Foundation},
  title =        {Eclipse},
  howpublished = {Consultado na INTERNET: http://www.eclipse.org/, 2013},
  year =         {2013}
}