% Site iWiki
@misc{site2013iwiki,
    title={i* Wiki},
    year={2013},
    author={RWTH Aachen},
    url={http://istarwiki.org/},
    howpublished = {Acessado em: 04 de junho de 2013},
}

% Site Guide i*
@misc{grau2008guide,
    title={i* Guide},
    author={Grau, G and Yu, E and Horkoff, J and Abdulhadi, S},
    year={2008},
    url={http://istar.rwth-aachen.de/tiki-index.php?page=i%2A+Guide},
    publisher={Acessado em: 04 de junho de 2013}
}

% Eric Siu-Kwong Yu
@phdthesis{yu1995modelling,
  title={MODELLING STRATEGIC RELATIONSHIPS FOR PROCESS REENGINEERING},
  author={Yu, Eric Siu-Kwong},
  year={1995},
  school={University of Toronto}
}

@article{yu1996models,
  title={Al models for business process reengineering},
  author={Yu, Eric SK and Mylopoulos, John and Lesp{\'e}rance, Yves},
  journal={IEEE expert},
  volume={11},
  number={4},
  pages={16--23},
  year={1996},
  publisher={IEEE}
}

@book{yu2011social,
    title={Social modeling for requirements engineering},
    author={Yu, Eric and Giorgini, Paolo and Maiden, Neil},
    year={2011},
    publisher={Mit Press}
}

@article{yu2001agent,
    title={Agent orientation as a modelling paradigm},
    author={Yu, Eric},
    journal={Wirtschaftsinformatik},
    volume={43},
    number={2},
    pages={123--132},
    year={2001},
    publisher={Springer}
}

@inproceedings{yu1997towards,
    title={Towards modelling and reasoning support for early-phase requirements engineering},
    author={Yu, Eric},
    booktitle={Requirements Engineering, 1997., Proceedings of the Third IEEE International Symposium on},
    pages={226--235},
    year={1997},
    organization={IEEE}
}

@inproceedings{yu1993modeling,
    title={Modeling organizations for information systems requirements engineering},
    author={Yu, Eric},
    booktitle={Requirements Engineering, 1993., Proceedings of IEEE International Symposium on},
    pages={34--41},
    year={1993},
    organization={IEEE}
}
% Eric Siu-Kwong Yu />


%
% ISTARML

% Calos Cares
@manual{caresccistarml,
    title={CCISTARML (v0. 6): A Java Package for handling iStarML files},
    author={Cares, Carlos}
}

@techreport{cares2007istarml,
    title={iStarML Reference's Guide},
    author={Cares, Carlos and Franch, Xavier and Perini, Anna and Susi, Angelo},
    year={2007},
    institution={Technical Report LSI-07-46-R}
}

@inproceedings{cares2008istarml,
    title={iStarML: An XML-based Model Interchange Format for i*},
    author={Cares, Carlos and Franch, Xavier and Perini, Anna and Susi, Angelo},
    booktitle={Proc. 3rd Int. i* Workshop, Recife, Brazil},
    volume={322},
    pages={13--16},
    year={2008},
    month={February}
}

@article{cares2011towards,
    title={Towards interoperability of \emph{i}* models using iStarML},
    author={Cares, Carlos and Franch, Xavier and Perini, Anna and Susi, Angelo},
    journal={Computer Standards \& Interfaces},
    volume={33},
    number={1},
    pages={69--79},
    year={2011},
    publisher={Elsevier}
}
@article{cares2012towards,
    title={Towards a framework for improving goal-oriented requirement models quality},
    author={Cares, Carlos and Franch, Xavier},
    year={2009},
    booktitle={Proc. of the 12th Workshop on Requirements Engineering}
}

@inproceedings{colomer2011model,
    title={Model interchange and tool interoperability in the i* framework: a proof of concept},
    author={Colomer, Daniel and L{\'o}pez, Lidia and Cares, Carlos and Franch, Xavier},
    booktitle={Proc. of the 14th Workshop on Requirements Engineering},
    pages={369--381},
    year={2011}
}

@inproceedings{grau2006comparative,
    title={A comparative analysis of i* agent-oriented modelling techniques},
    author={Grau, Gemma and Cares, Carlos and Franch, Xavier and Navarrete, Fredy J},
    booktitle={Proceedings of the Eighteenth International Conference on Software Engineering and Knowledge Engineering, SEKE},
    pages={5--7},
    year={2006}
}

@article{amyot2003introduction,
    title={Introduction to the user requirements notation: learning by example},
    author={Amyot, Daniel},
    journal={Computer Networks},
    volume={42},
    number={3},
    pages={285--301},
    year={2003},
    publisher={Elsevier}
}

@misc{itu2003urn,
    title={URN: Towards a new standard for the visual description of requirements},
    author={Amyot, Daniel and Mussbacher, Gunter},
    year={2003},
    journal={Telecommunications and beyond: The BroaderApplicability of SDL and MSC}
}

% Using istar
@inproceedings{yu2008configuring,
    title={Configuring features with stakeholder goals},
    author={Yu, Yijun and do Prado Leite, Julio Cesar Sampaio and Lapouchnian, Alexei and Mylopoulos, John},
    booktitle={Proceedings of the 2008 ACM symposium on Applied computing},
    pages={645--649},
    year={2008},
    organization={ACM}
}

@article{gomez2013modeling,
    title={Modeling the Organizational Style Structure in Five},
    author={G{\'o}mez, Omar and Ortiz, Javier},
    journal={Procedia Technology},
    volume={7},
    pages={384--390},
    year={2013},
    publisher={Elsevier}
}

@inproceedings{najera2011supporting,
    title={Supporting i* Model Integration through an Ontology-based Approach},
    author={Najera, Karen and Perini, Anna and Martinez, Alicia and Estrada, Hugo},
    booktitle={CEUR Proceedings of the 5th International i* Workshop (iStar 2011)},
    volume={766},
    pages={43--48},
    year={2011}
}

@phdthesis{esquivel2008service,
    title={A service-oriented approach for the i* framework},
    author={Esquivel, Hugo Estrada},
    year={2008},
    school={University of Trento, Italy}
}

@article{castro2002towards,
    title={Towards requirements-driven information systems engineering: the Tropos project},
    author={Castro, Jaelson and Kolp, Manuel and Mylopoulos, John},
    journal={Information systems},
    volume={27},
    number={6},
    pages={365--389},
    year={2002},
    publisher={Elsevier}
}

@article{bresciani2004tropos,
    title={Tropos: An agent-oriented software development methodology},
    author={Bresciani, Paolo and Perini, Anna and Giorgini, Paolo and Giunchiglia, Fausto and Mylopoulos, John},
    journal={Autonomous Agents and Multi-Agent Systems},
    volume={8},
    number={3},
    pages={203--236},
    year={2004},
    publisher={Springer}
}

@inproceedings{franch2011joint,
    title={On the joint use of i* with other modelling frameworks: A vision paper},
    author={Franch, Xavier and Mat{\'e}, Alejandro and Trujillo, Juan C and Cares, Carlos},
    booktitle={Requirements Engineering Conference (RE), 2011 19th IEEE International},
    pages={133--142},
    year={2011},
    organization={IEEE}
}


% OpenOME
@inproceedings{horkoff2011openome,
    title={OpenOME: an open-source goal and agent-oriented model drawing and analysis tool},
    author={Horkoff, Jennifer and Yu, Y and Yu, Eric},
    booktitle={CEUR proceedings of the 5th international i* workshop (iStar 2011)},
    pages={154--156},
    year={2011}
}

@inproceedings{laue2011adding,
    title={Adding Functionality to OpenOME for Everyone},
    author={Laue, Ralf and Storch, Arian},
    booktitle={CEUR Proceedings of the 5th International i* Workshop (iStar 2011)},
    volume={766},
    year={2011},
    pages={169--171}
}

% iStarTool
@phdthesis{santos2008istar,
  title={IStar Tool-Uma proposta de ferramenta para modelagem de i*},
  author={Santos, B\'arbara Siqueira},
  year={2008},
  school={Centro de Inform\'atica},
  type      = {Disserta\c{c}\~ao de Mestrado},
  address   = {Recife, PE},
  month     = {outubro}
}

@inproceedings{webster2005survey,
  title={A Survey of Good Practices and Misuses for Modelling with i* Framework},
  author={Webster, Ilca and Amaral, Juliana and Cysneiros, Luiz Marcio and Gerais--Brasil, Belo Horizonte-Minas},
  booktitle={Proc. of the VIII Workshop on Requirements Engineering, WER},
  volume={5},
  pages={148--160},
  year={2005}
}

@inproceedings{paes2011agile,
  title={AGILE: Automatic Generation of i* Languages},
  author={Paes, Josias and Lima, Carlos and Santos, Emanuel and Silva, Carla and Castro, Jaelson},
  booktitle={Proceedings of the 14th Ibero-american Conference on Software Engineering (CIbSE’11), Rio de Janeiro, Brazil},
  year={2011}
}

@inproceedings{kealey2006integrating,
  title={Integrating an Eclipse-based scenario modeling environment with a requirements management system},
  author={Kealey, Jason and Kim, Yongdae and Amyot, Daniel and Mussbacher, Gunter},
  booktitle={Electrical and Computer Engineering, 2006. CCECE'06. Canadian Conference on},
  pages={2432--2435},
  year={2006},
  organization={IEEE}
}

@article{lopez2009hime,
  title={HiME: hierarchical i* modeling editor},
  author={López, Lidia and Franch, Xavier and Marco, Jordi},
  journal={Revista de Informática Teórica e Aplicada},
  volume={16},
  number={2},
  pages={57--60},
  year={2009}
}

@inproceedings{regev2005goals,
  title={Where do Goals Come from: the Underlying Principles of Goal-Oriented Requirements Engineering},
  author={Regev, Gil and Wegmann, Alain},
  booktitle={Proceedings of the 13th IEEE International Conference on Requirements Engineering},
  pages={253--362},
  year={2005},
  organization={IEEE Computer Society}
}