% TELOS
@book{koubarakis1989telos,
    title={Telos: Features and formalization},
    author={Koubarakis, Manolis and Mylopoulos, John and Stanley, Martin and Borgida, Alex},
    year={1989},
    publisher={Computer Science Institute, Foundation of Research and Technology, Hellas}
}

@article{mylopoulos1990telos,
    title={Telos: Representing knowledge about information systems},
    author={Mylopoulos, John and Borgida, Alex and Jarke, Matthias and Koubarakis, Manolis},
    journal={ACM Transactions on Information Systems (TOIS)},
    volume={8},
    number={4},
    pages={325--362},
    year={1990},
    publisher={ACM}
}

@misc{ome2013,
  author =       {Yu, Eric and Yu, Yijun},
  title =        {Organization Modelling Environment},
  howpublished = {Consultado na INTERNET: http://www.cs.toronto.edu/km/ome/, 2013},
  year =         {2013},
}