% JGOOSE - Vicente
@MASTERTHESIS{vicente2006,
  AUTHOR    = {André Abe Vicente},
  TITLE     = {JGOOSE: Uma ferramenta de Engenharia de Requisitos para Integra{ç}ão da Modelagem Organizacional i* com a Modelagem Funcional de Casos de Uso UML},
  SCHOOL    = {{UNIOESTE} -- Universidade Estadual do Oeste do Paraná},
  YEAR      = {2006},
  ADDRESS   = {Cascavel - PR},
  MONTH     = {Dezembro},
}

@article{vicente2009,
  TITLE           = {JGOOSE:A REQUIREMENTS ENGINEERING TOOL TO INTEGRATE I* ORGANIZATIONAL MODELING WITH USE CASES IN UML JGOOSE: UNA HERRAMIENTA DE INGENIERÍA DE REQUISITOS PARA LA INTEGRACIÓN DEL MODELADO ORGANIZACIONAL I* CON EL MODELADO DE CASOS DE USO EN UML},
  AUTHOR          = {Vicente, André Abe and Santander, Victor FA and Castro, Jaelson B and da Silva, Ivonei Freitas and Matus, Francisco G Reyes},
  JOURNAL         = {Ingeniare. Revista chilena de ingenier{í}a},
  VOLUME          = {17},
  NUMBER          = {1},
  PAGES           = {6--20},
  YEAR            = {2009},
  publisher       = {SciELO Chile},
}

% Fernando Luiz Grando
@MASTERTHESIS{grando2010avaliando,
  AUTHOR    = {FERNANDO LUIZ GRANDO},
  TITLE     = {AVALIANDO TÉCNICAS DE MODELAGEM ORGANIZACIONAL NO CONTEXTO DE DESENVOLVIMENTO DE SISTEMAS COMPUTACIONAIS},
  SCHOOL    = {{UNIOESTE} -- Universidade Estadual do Oeste do Paraná},
  YEAR      = {2010},
  ADDRESS   = {Cascavel - PR},
  MONTH     = {Novembro},
}

% Mauro
@INPROCEEDINGS{brischke2012melhorando,
  AUTHOR    = {Brischke, Mauro and Santander, Victor Francisco Araya and da Silva, Ivonei Freitas},
  TITLE     = {Melhorando a Ferramenta JGOOSE},
  BOOKTITLE = {XV Workshop de Engenharia de Requisitos},
  YEAR      = {2012},
}

@MASTERTHESIS{brischke2011melhorando,
  AUTHOR      = {Brischke, Mauro},
  TITLE       = {Melhorando a Ferramenta JGOOSE},
  SCHOOL      = {{UNIOESTE} -- Universidade Estadual do Oeste do Paraná},
  JOURNAL     = {Monografia de Graduação},
  YEAR        = {2012},
  ADDRESS     = {Cascavel - PR},
  MONTH       = {Dezembro},
}

% Victor
@article{santander2011avaliando,
  TITLE        = {Avaliando a utiliza{ç}ão da Técnica i* no Processo de Ensino e Aprendizagem na Engenharia de Requisitos-Um Relato de Experiência},
  AUTHOR       = {Santander, Victor Francisco Araya},
  JOURNAL      = {IV Fórum de Educa{ç}ão em Engenharia de Software},
  VOLUME       = {1},
  YEAR         = {2011},
  publisher    = {sn},
}

@PHDTHESIS{santander2002integrando,
  AUTHOR    = {Santander, Victor Francisco Araya},
  TITLE     = {Integrando Modelagem Organizacional com Modelagem Funcional},
  SCHOOL    = {Universidade Federal de Pernambuco},
  YEAR      = {2002},
  type      = {Tese de Doutorado},
  ADDRESS   = {Recife - PE},
  MONTH     = {dezembro},
}

% Ivonei
@INPROCEEDINGS{silva2012agile,
  TITLE         = {An agile approach for software product lines scoping},
  AUTHOR        = {Silva, Ivonei Freitas da},
  BOOKTITLE     = {Proceedings of the 16th International Software Product Line Conference-VOLUME 2},
  PAGES         = {225--228},
  YEAR          = {2012},
  organization  = {ACM},
}

% Não publicados
% Diego sobre o JGOOSE, melhorias...
@UNPUBLISHED{peliser2013aprimorando,
  AUTHOR  = {Diego Peliser},
  TITLE   = {Aprimorando a ferramenta JGOOSE},
  NOTE    = {Projeto de Iniciação Cient{í}fica - PIBIC},
  YEAR    = {2013},
  MONTH   = {Abril},
}

@INPROCEEDINGS{pedroza2004ferramentas,
  TITLE       = {Ferramentas para Suporte do Mapeamento da Modelagem i* para a UML: eXtended GOOD XGOOD e GOOSE},
  AUTHOR      = {Pedroza, Flávio Pereira and Alencar, Fernanda MR and Castro, Jaelson FB and Silva, Fernando RC and Santander, Victor FA},
  BOOKTITLE   = {Proceedings of the VII Workshop on Requirements Engineering-WER},
  VOLUME      = {4},
  PAGES       = {164--175},
  YEAR        = {2004},
}

% Marcelo
@MASTERTHESIS{brischke2005desenvolvimento,
  TITLE     = {Desenvolvimento de uma Ferramenta para Integrar Modelagem Organizacional e Modelagem Funcional na Engenharia de Requisitos},
  AUTHOR    = {MARCELO BRISCHKE},
  JOURNAL   = {Monografia de Graduação},
  YEAR      = {2005},
}